%YAML 1.1
%TAG !u! tag:unity3d.com,2011:
--- !u!1 &1911490498868250925
GameObject:
  m_ObjectHideFlags: 0
  m_CorrespondingSourceObject: {fileID: 0}
  m_PrefabInstance: {fileID: 0}
  m_PrefabAsset: {fileID: 0}
  serializedVersion: 6
  m_Component:
  - component: {fileID: 1911490498868250923}
  - component: {fileID: 1911490498868250924}
  - component: {fileID: 4250945804681620880}
  - component: {fileID: 5028514100778103282}
  - component: {fileID: 5984868609376437183}
  m_Layer: 9
  m_Name: Character02
  m_TagString: Untagged
  m_Icon: {fileID: 0}
  m_NavMeshLayer: 0
  m_StaticEditorFlags: 0
  m_IsActive: 1
--- !u!4 &1911490498868250923
Transform:
  m_ObjectHideFlags: 0
  m_CorrespondingSourceObject: {fileID: 0}
  m_PrefabInstance: {fileID: 0}
  m_PrefabAsset: {fileID: 0}
  m_GameObject: {fileID: 1911490498868250925}
  m_LocalRotation: {x: 0, y: 0, z: 0, w: 1}
  m_LocalPosition: {x: 0, y: 0, z: 0}
  m_LocalScale: {x: 1, y: 1, z: 1}
  m_Children:
  - {fileID: 681813806263937473}
  - {fileID: 2296572678351704263}
  m_Father: {fileID: 0}
  m_RootOrder: 0
  m_LocalEulerAnglesHint: {x: 0, y: 0, z: 0}
--- !u!114 &1911490498868250924
MonoBehaviour:
  m_ObjectHideFlags: 0
  m_CorrespondingSourceObject: {fileID: 0}
  m_PrefabInstance: {fileID: 0}
  m_PrefabAsset: {fileID: 0}
  m_GameObject: {fileID: 1911490498868250925}
  m_Enabled: 1
  m_EditorHideFlags: 0
  m_Script: {fileID: 11500000, guid: 7a551dbeca16fca47b322c13a518aa20, type: 3}
  m_Name: 
  m_EditorClassIdentifier: 
  currentRoom: {fileID: 0}
  color: {r: 0, g: 0, b: 0, a: 0}
  skins:
  - {fileID: 681813806267414761}
  - {fileID: 681813806267414763}
  - {fileID: 681813806267414765}
  - {fileID: 681813806267414767}
  threshold:
  - 0.1
  - 0.5
  speed: 5
  hudPrefab: {fileID: 2712231623873113854, guid: fd8c9cdf75e435148b9639d0269260af,
    type: 3}
  hudCanvas: {fileID: 0}
  mentalLoadHud: {fileID: 8445391772214575959}
  mentalLoadGauge: 0.1
  mentalLoadGaugeIncreaseSpeed: 0.2
  mentalLoadGaugeDecreaseSpeed: 0.1
--- !u!136 &4250945804681620880
CapsuleCollider:
  m_ObjectHideFlags: 0
  m_CorrespondingSourceObject: {fileID: 0}
  m_PrefabInstance: {fileID: 0}
  m_PrefabAsset: {fileID: 0}
  m_GameObject: {fileID: 1911490498868250925}
  m_Material: {fileID: 0}
  m_IsTrigger: 0
  m_Enabled: 1
  m_Radius: 0.3
  m_Height: 1.21
  m_Direction: 1
  m_Center: {x: 0, y: 0.6, z: 0}
--- !u!195 &5028514100778103282
NavMeshAgent:
  m_ObjectHideFlags: 0
  m_CorrespondingSourceObject: {fileID: 0}
  m_PrefabInstance: {fileID: 0}
  m_PrefabAsset: {fileID: 0}
  m_GameObject: {fileID: 1911490498868250925}
  m_Enabled: 1
  m_AgentTypeID: 0
  m_Radius: 0.3
  m_Speed: 2
  m_Acceleration: 8
  avoidancePriority: 50
  m_AngularSpeed: 1500
  m_StoppingDistance: 0
  m_AutoTraverseOffMeshLink: 1
  m_AutoBraking: 1
  m_AutoRepath: 1
  m_Height: 1.21
  m_BaseOffset: 0
  m_WalkableMask: 4294967295
  m_ObstacleAvoidanceType: 4
--- !u!54 &5984868609376437183
Rigidbody:
  m_ObjectHideFlags: 0
  m_CorrespondingSourceObject: {fileID: 0}
  m_PrefabInstance: {fileID: 0}
  m_PrefabAsset: {fileID: 0}
  m_GameObject: {fileID: 1911490498868250925}
  serializedVersion: 2
  m_Mass: 10
  m_Drag: 0
  m_AngularDrag: 0.05
  m_UseGravity: 0
  m_IsKinematic: 0
  m_Interpolate: 0
  m_Constraints: 126
  m_CollisionDetection: 0
--- !u!1 &4219086491918583554
GameObject:
  m_ObjectHideFlags: 0
  m_CorrespondingSourceObject: {fileID: 0}
  m_PrefabInstance: {fileID: 0}
  m_PrefabAsset: {fileID: 0}
  serializedVersion: 6
  m_Component:
  - component: {fileID: 846742445121725184}
  - component: {fileID: 5927182087544112425}
  - component: {fileID: 8445391772214575959}
  m_Layer: 9
  m_Name: MentalCharge
  m_TagString: Untagged
  m_Icon: {fileID: 0}
  m_NavMeshLayer: 0
  m_StaticEditorFlags: 0
  m_IsActive: 1
--- !u!4 &846742445121725184
Transform:
  m_ObjectHideFlags: 0
  m_CorrespondingSourceObject: {fileID: 0}
  m_PrefabInstance: {fileID: 0}
  m_PrefabAsset: {fileID: 0}
  m_GameObject: {fileID: 4219086491918583554}
  m_LocalRotation: {x: 0.00000019861236, y: -0.7071068, z: 0.7071068, w: 0.00000019861236}
  m_LocalPosition: {x: 0, y: 0, z: 0}
  m_LocalScale: {x: 0.1, y: 0.1, z: 0.014999999}
  m_Children: []
  m_Father: {fileID: 2296572678351704263}
  m_RootOrder: 0
  m_LocalEulerAnglesHint: {x: 90, y: -179.99998, z: 0}
--- !u!33 &5927182087544112425
MeshFilter:
  m_ObjectHideFlags: 0
  m_CorrespondingSourceObject: {fileID: 0}
  m_PrefabInstance: {fileID: 0}
  m_PrefabAsset: {fileID: 0}
  m_GameObject: {fileID: 4219086491918583554}
  m_Mesh: {fileID: 10209, guid: 0000000000000000e000000000000000, type: 0}
--- !u!23 &8445391772214575959
MeshRenderer:
  m_ObjectHideFlags: 0
  m_CorrespondingSourceObject: {fileID: 0}
  m_PrefabInstance: {fileID: 0}
  m_PrefabAsset: {fileID: 0}
  m_GameObject: {fileID: 4219086491918583554}
  m_Enabled: 1
  m_CastShadows: 1
  m_ReceiveShadows: 1
  m_DynamicOccludee: 1
  m_MotionVectors: 1
  m_LightProbeUsage: 1
  m_ReflectionProbeUsage: 1
  m_RenderingLayerMask: 1
  m_RendererPriority: 0
  m_Materials:
  - {fileID: 2100000, guid: ec6b840fc599d2f4185608ddb0a28b08, type: 2}
  m_StaticBatchInfo:
    firstSubMesh: 0
    subMeshCount: 0
  m_StaticBatchRoot: {fileID: 0}
  m_ProbeAnchor: {fileID: 0}
  m_LightProbeVolumeOverride: {fileID: 0}
  m_ScaleInLightmap: 1
  m_PreserveUVs: 0
  m_IgnoreNormalsForChartDetection: 0
  m_ImportantGI: 0
  m_StitchLightmapSeams: 0
  m_SelectedEditorRenderState: 3
  m_MinimumChartSize: 4
  m_AutoUVMaxDistance: 0.5
  m_AutoUVMaxAngle: 89
  m_LightmapParameters: {fileID: 0}
  m_SortingLayerID: 0
  m_SortingLayer: 0
  m_SortingOrder: 0
--- !u!1 &5482401399452516557
GameObject:
  m_ObjectHideFlags: 0
  m_CorrespondingSourceObject: {fileID: 0}
  m_PrefabInstance: {fileID: 0}
  m_PrefabAsset: {fileID: 0}
  serializedVersion: 6
  m_Component:
  - component: {fileID: 2296572678351704263}
  - component: {fileID: 4147858930428803559}
  m_Layer: 9
  m_Name: MentalChargeRoot
  m_TagString: Untagged
  m_Icon: {fileID: 0}
  m_NavMeshLayer: 0
  m_StaticEditorFlags: 0
  m_IsActive: 1
--- !u!4 &2296572678351704263
Transform:
  m_ObjectHideFlags: 0
  m_CorrespondingSourceObject: {fileID: 0}
  m_PrefabInstance: {fileID: 0}
  m_PrefabAsset: {fileID: 0}
  m_GameObject: {fileID: 5482401399452516557}
  m_LocalRotation: {x: -0, y: 0.98011565, z: -0.19842713, w: 0}
  m_LocalPosition: {x: 0, y: 1.5, z: 0}
  m_LocalScale: {x: 1.3440034, y: 1.3440034, z: 1.3440034}
  m_Children:
  - {fileID: 846742445121725184}
  m_Father: {fileID: 1911490498868250923}
  m_RootOrder: 1
  m_LocalEulerAnglesHint: {x: 0, y: 0, z: 0}
--- !u!114 &4147858930428803559
MonoBehaviour:
  m_ObjectHideFlags: 0
  m_CorrespondingSourceObject: {fileID: 0}
  m_PrefabInstance: {fileID: 0}
  m_PrefabAsset: {fileID: 0}
  m_GameObject: {fileID: 5482401399452516557}
  m_Enabled: 1
  m_EditorHideFlags: 0
  m_Script: {fileID: 11500000, guid: 8582b89b47148914c8d23964f1a389c8, type: 3}
  m_Name: 
  m_EditorClassIdentifier: 
  target: {fileID: 0}
  scale: 50
--- !u!1001 &681813806264333129
PrefabInstance:
  m_ObjectHideFlags: 0
  serializedVersion: 2
  m_Modification:
    m_TransformParent: {fileID: 1911490498868250923}
    m_Modifications:
    - target: {fileID: 100008, guid: a1cebd9e8f669f04186ce2235bc9b8c0, type: 3}
      propertyPath: m_Name
      value: CharacterSkin
      objectReference: {fileID: 0}
    - target: {fileID: 400008, guid: a1cebd9e8f669f04186ce2235bc9b8c0, type: 3}
      propertyPath: m_LocalPosition.x
      value: -0.032149665
      objectReference: {fileID: 0}
    - target: {fileID: 400008, guid: a1cebd9e8f669f04186ce2235bc9b8c0, type: 3}
      propertyPath: m_LocalPosition.y
      value: -0.0059571746
      objectReference: {fileID: 0}
    - target: {fileID: 400008, guid: a1cebd9e8f669f04186ce2235bc9b8c0, type: 3}
      propertyPath: m_LocalPosition.z
      value: -0.06252753
      objectReference: {fileID: 0}
    - target: {fileID: 400008, guid: a1cebd9e8f669f04186ce2235bc9b8c0, type: 3}
      propertyPath: m_LocalRotation.x
      value: 0
      objectReference: {fileID: 0}
    - target: {fileID: 400008, guid: a1cebd9e8f669f04186ce2235bc9b8c0, type: 3}
      propertyPath: m_LocalRotation.y
      value: 0
      objectReference: {fileID: 0}
    - target: {fileID: 400008, guid: a1cebd9e8f669f04186ce2235bc9b8c0, type: 3}
      propertyPath: m_LocalRotation.z
      value: 0
      objectReference: {fileID: 0}
    - target: {fileID: 400008, guid: a1cebd9e8f669f04186ce2235bc9b8c0, type: 3}
      propertyPath: m_LocalRotation.w
      value: 1
      objectReference: {fileID: 0}
    - target: {fileID: 400008, guid: a1cebd9e8f669f04186ce2235bc9b8c0, type: 3}
      propertyPath: m_RootOrder
      value: 0
      objectReference: {fileID: 0}
    - target: {fileID: 400008, guid: a1cebd9e8f669f04186ce2235bc9b8c0, type: 3}
      propertyPath: m_LocalEulerAnglesHint.x
      value: 0
      objectReference: {fileID: 0}
    - target: {fileID: 400008, guid: a1cebd9e8f669f04186ce2235bc9b8c0, type: 3}
      propertyPath: m_LocalEulerAnglesHint.y
      value: 0
      objectReference: {fileID: 0}
    - target: {fileID: 400008, guid: a1cebd9e8f669f04186ce2235bc9b8c0, type: 3}
      propertyPath: m_LocalEulerAnglesHint.z
      value: 0
      objectReference: {fileID: 0}
    - target: {fileID: 400008, guid: a1cebd9e8f669f04186ce2235bc9b8c0, type: 3}
      propertyPath: m_LocalScale.x
      value: 0.25
      objectReference: {fileID: 0}
    - target: {fileID: 400008, guid: a1cebd9e8f669f04186ce2235bc9b8c0, type: 3}
      propertyPath: m_LocalScale.y
      value: 0.25
      objectReference: {fileID: 0}
    - target: {fileID: 400008, guid: a1cebd9e8f669f04186ce2235bc9b8c0, type: 3}
      propertyPath: m_LocalScale.z
      value: 0.25
      objectReference: {fileID: 0}
    - target: {fileID: 9500000, guid: a1cebd9e8f669f04186ce2235bc9b8c0, type: 3}
      propertyPath: m_Controller
      value: 
      objectReference: {fileID: 9100000, guid: bd4ff1351b278684593c5021e222610a, type: 2}
    - target: {fileID: 13700000, guid: a1cebd9e8f669f04186ce2235bc9b8c0, type: 3}
      propertyPath: m_Materials.Array.data[0]
      value: 
      objectReference: {fileID: 2100000, guid: 15cdbb9b2ad8fc2428c589f7ce32e793, type: 2}
    - target: {fileID: 13700002, guid: a1cebd9e8f669f04186ce2235bc9b8c0, type: 3}
      propertyPath: m_Materials.Array.data[0]
      value: 
      objectReference: {fileID: 2100000, guid: a743e28db099b884f95d9cccbd5ce9e9, type: 2}
    - target: {fileID: 13700004, guid: a1cebd9e8f669f04186ce2235bc9b8c0, type: 3}
      propertyPath: m_Materials.Array.data[0]
      value: 
      objectReference: {fileID: 2100000, guid: a743e28db099b884f95d9cccbd5ce9e9, type: 2}
    - target: {fileID: 13700006, guid: a1cebd9e8f669f04186ce2235bc9b8c0, type: 3}
      propertyPath: m_Materials.Array.data[0]
      value: 
      objectReference: {fileID: 2100000, guid: a743e28db099b884f95d9cccbd5ce9e9, type: 2}
    m_RemovedComponents: []
  m_SourcePrefab: {fileID: 100100000, guid: a1cebd9e8f669f04186ce2235bc9b8c0, type: 3}
--- !u!4 &681813806263937473 stripped
Transform:
  m_CorrespondingSourceObject: {fileID: 400008, guid: a1cebd9e8f669f04186ce2235bc9b8c0,
    type: 3}
  m_PrefabInstance: {fileID: 681813806264333129}
  m_PrefabAsset: {fileID: 0}
--- !u!137 &681813806267414761 stripped
SkinnedMeshRenderer:
  m_CorrespondingSourceObject: {fileID: 13700000, guid: a1cebd9e8f669f04186ce2235bc9b8c0,
    type: 3}
  m_PrefabInstance: {fileID: 681813806264333129}
  m_PrefabAsset: {fileID: 0}
--- !u!137 &681813806267414763 stripped
SkinnedMeshRenderer:
  m_CorrespondingSourceObject: {fileID: 13700002, guid: a1cebd9e8f669f04186ce2235bc9b8c0,
    type: 3}
  m_PrefabInstance: {fileID: 681813806264333129}
  m_PrefabAsset: {fileID: 0}
--- !u!137 &681813806267414765 stripped
SkinnedMeshRenderer:
  m_CorrespondingSourceObject: {fileID: 13700004, guid: a1cebd9e8f669f04186ce2235bc9b8c0,
    type: 3}
  m_PrefabInstance: {fileID: 681813806264333129}
  m_PrefabAsset: {fileID: 0}
--- !u!137 &681813806267414767 stripped
SkinnedMeshRenderer:
  m_CorrespondingSourceObject: {fileID: 13700006, guid: a1cebd9e8f669f04186ce2235bc9b8c0,
    type: 3}
  m_PrefabInstance: {fileID: 681813806264333129}
  m_PrefabAsset: {fileID: 0}
